@misc{Stanislaus_2013, 
    title={Sierpinski-Trekant}, 
    url={https://da.wikipedia.org/wiki/Sierpinski-trekant#/media/Fil:Sierpinski_triangle.svg}, 
    journal={Wikipedia}, 
    publisher={Wikimedia Foundation}, 
    author={Stanislaus, Beojan}, 
    year={2013}, 
    month={05}
} 


@misc{Saperaud_2006, 
    title={Evolution of the Sierpinski triangle in five iterations.}, 
    url={https://da.wikipedia.org/wiki/Sierpinski-trekant#/media/Fil:Sierpinski_triangle_evolution.svg}, 
    journal={Wikipedia}, 
    publisher={Wikimedia Foundation}, 
    author={Saperaud, Marcus}, 
    year={2006}, 
    month={11}
} 

@misc{Cuemath, 
    title={Multiplying Complex Numbers}, 
    url={https://www.cuemath.com/numbers/multiplying-complex-numbers/}, 
    journal={www.cuemath.com}, 
    publisher={Cuemath}, 
    author={Cuemath}
} 

@misc{Scoutapm_2021, 
    title={Encapsulation in OOP: Definition and Examples}, 
    url={https://scoutapm.com/blog/what-is-encapsulation}, 
    journal={scoutapm.com}, 
    publisher={Scoutapm}, 
    author={Khanna, Mukul},
    year={2021}, 
    month={12}
} 

@misc{Videnskab_2023, 
    title={Mandelbrotm√¶ngden var et gennembrud for computeren}, 
    url={https://videnskab.dk/naturvidenskab/mandelbrotmaengden-var-et-gennembrud-for-computeren/}, 
    journal={videnskab.dk}, 
    publisher={videnskab}, 
    author={Vedelsby, Jakob},
    year={2023}, 
    month={10}
} 


@inbook{inbook,
author = {Pilgrim, Ian and Taylor, Richard},
year = {2018},
month = {11},
pages = {},
title = {Fractal Analysis of Time-Series Data Sets: Methods and Challenges},
isbn = {978-1-78985-433-6},
doi = {10.5772/intechopen.81958}
}

@misc{vestergaard, 
    title={Fraktaler}, 
    url={https://www.matematiksider.dk/fractal.html}, 
    journal={www.matematiksider.dk}, 
    publisher={matematiksider}, 
    author={Vestergaard, Erik},
    year={2000}, 
    month={1}
} 


@misc{kvof, 
    title={Mindste kvadraters metode}, 
    url={https://kvofmat.dk/Mindste%20kvadraters%20metode.pdf}, 
    journal={kvofmat.dk}, 
    publisher={kvofmat}, 
    author={Offersen, Kenneth},
    year={2023}, 
    month={2}
} 


@article{article,
author = {Ribeiro, Marcelo and Miguelote, Alexandre},
year = {1998},
month = {06},
pages = {},
title = {Fractals and the Distribution of Galaxies},
volume = {28},
journal = {Brazilian Journal of Physics},
doi = {10.1590/S0103-97331998000200007}
}